<record><leader>00000cas a2200000 a 4500</leader><controlfield tag="001">11386652</controlfield><controlfield tag="008">841114d18841887nyudn ne      0    0eng c</controlfield><datafield ind1=" " ind2=" " tag="010"><subfield code="a">sn 84031917 </subfield></datafield><datafield ind1=" " ind2=" " tag="040"><subfield code="a">NYG</subfield><subfield code="b">eng</subfield><subfield code="c">NYG</subfield><subfield code="d">NPY</subfield><subfield code="d">NPX</subfield><subfield code="d">DLC</subfield><subfield code="d">NYS</subfield><subfield code="d">DLC</subfield><subfield code="d">OCLCQ</subfield><subfield code="d">OCLCF</subfield><subfield code="d">OCLCO</subfield></datafield><datafield ind1="1" ind2=" " tag="029"><subfield code="a">AU@</subfield><subfield code="b">000025802950</subfield></datafield><datafield ind1=" " ind2=" " tag="042"><subfield code="a">pcc</subfield></datafield><datafield ind1=" " ind2=" " tag="043"><subfield code="a">n-us-ny</subfield></datafield><datafield ind1="0" ind2="0" tag="050"><subfield code="a">Newspaper</subfield></datafield><datafield ind1="0" ind2=" " tag="130"><subfield code="a">Niagara Falls gazette (Niagara Falls, N.Y. : 1884)</subfield></datafield><datafield ind1="1" ind2="0" tag="245"><subfield code="a">Niagara Falls gazette.</subfield></datafield><datafield ind1=" " ind2=" " tag="260"><subfield code="a">Niagara Falls, N.Y. :</subfield><subfield code="b">Niagara Falls Gazette Pub. Co.,</subfield><subfield code="c">1884-1887.</subfield></datafield><datafield ind1=" " ind2=" " tag="300"><subfield code="a">4 v. :</subfield><subfield code="b">ill. ;</subfield><subfield code="c">57 cm.</subfield></datafield><datafield ind1=" " ind2=" " tag="310"><subfield code="a">Daily (except Sunday)</subfield></datafield><datafield ind1="0" ind2=" " tag="362"><subfield code="a">Vol. 4, no. 1 (Jan. 2, 1884)-v. 7, no. 77 (Sept. 10, 1887).</subfield></datafield><datafield ind1=" " ind2=" " tag="500"><subfield code="a">Published June-Sept. only, 1885-1887.</subfield></datafield><datafield ind1=" " ind2=" " tag="530"><subfield code="a">Also issued on microfilm from Micro Photo Division, Bell &amp; Howell.</subfield></datafield><datafield ind1=" " ind2="0" tag="651"><subfield code="a">Niagara Falls (N.Y.)</subfield><subfield code="v">Newspapers.</subfield></datafield><datafield ind1=" " ind2="0" tag="651"><subfield code="a">Niagara County (N.Y.)</subfield><subfield code="v">Newspapers.</subfield></datafield><datafield ind1=" " ind2="7" tag="655"><subfield code="a">Newspapers.</subfield><subfield code="2">fast</subfield><subfield code="0">(OCoLC)fst01423814</subfield></datafield><datafield ind1=" " ind2="7" tag="651"><subfield code="a">New York (State)</subfield><subfield code="z">Niagara County.</subfield><subfield code="2">fast</subfield><subfield code="0">(OCoLC)fst01212284</subfield></datafield><datafield ind1=" " ind2="7" tag="651"><subfield code="a">New York (State)</subfield><subfield code="z">Niagara Falls.</subfield><subfield code="2">fast</subfield><subfield code="0">(OCoLC)fst01205634</subfield></datafield><datafield ind1=" " ind2=" " tag="752"><subfield code="a">United States</subfield><subfield code="b">New York</subfield><subfield code="c">Niagara</subfield><subfield code="d">Niagara Falls.</subfield></datafield><datafield ind1="0" ind2=" " tag="775"><subfield code="t">Niagara Falls gazette (Niagara Falls, N.Y. : Weekly)</subfield><subfield code="w">(DLC)sn 83031373</subfield><subfield code="w">(OCoLC)9862780</subfield></datafield><datafield ind1="0" ind2="0" tag="780"><subfield code="t">Daily gazette (Niagara Falls, N.Y. : 1881)</subfield><subfield code="w">(DLC)sn 85054407</subfield><subfield code="w">(OCoLC)11702141</subfield></datafield></record>